@article{Kanzig2021,
	Author = {KÃ¤nzig, Diego R.},
	Title = {The Macroeconomic Effects of Oil Supply News: Evidence from OPEC Announcements},
	Journal = {American Economic Review},
	Volume = {111},
	Number = {4},
	Year = {2021},
	Month = {April},
	Pages = {1092-1125},
	DOI = {10.1257/aer.20190964},
	URL = {https://www.aeaweb.org/articles?id=10.1257/aer.20190964}}